@article{Martínez_Atilano_2003, 
title={RAÍZ UNITARIA Y CAMBIO ESTRUCTURAL EN LAS SERIES DE TIEMPO DE MÉXICO}, 
url={https://denarius.izt.uam.mx/index.php/denarius/article/view/301}, 
abstractNote={En este artículo se reportan 
de forma sistemática los resultados de la aplicación de las 
pruebas de raíz unitaria a 1.2 series de tiempo de la economía 
mexicana. En todos los casos se llevó a cabo la prueba de raíz 
unitaria, considerando diferentes supuestos sobre el proceso 
generador de datos. Se describen los contrastes de raíz unitaria 
con constante, tendencia, rezagos distribuidos, rezagos 
estacionales, con el propósito de crear una material común 
de comparación entre las diferentes pruebas realizadas. 
Especialmente se reportan los resultados considerando 
el cambio estructural.}, 
number={08}, 
journal={Denarius}, 
author={Martínez Atilano, Guillermo}, 
year={2003}, 
month={sep.}, 
pages={41},
}