
@book{gujarati_econometri_2015,
    location = {México, D.F.},
    edition = {Quinta edición},
    title = {Econometría},
    publisher = {{McGraw}-Hill/Interamericana Editores S.A. de C.V.},
    author = {Gujarati, Damodar N.},
    date = {2015},
}

@book{greene_econometric_2012,
    location = {Boston Munich},
    edition = {7. ed},
    title = {Econometric analysis},
    isbn = {978-0-13-139538-1},
    series = {Pearson series in economics},
    pagetotal = {1188},
    publisher = {Prentice Hall},
    author = {Greene, William},
    date = {2012},
}

@book{wooldridge_introductory_2009,
    location = {Mason, Ohio},
    edition = {4. ed},
    title = {Introductory econometrics: a modern approach},
    isbn = {978-0-324-66054-8},
    shorttitle = {Introductory econometrics},
    pagetotal = {865},
    publisher = {South Western cengage learning},
    author = {Wooldridge, Jeffrey M.},
    date = {2009},
}
