@article{Osterholm2007Testing,
	author = {{\" O}sterholm, P{\" a}r and Hjalmarsson, Erik},
	journal = {IMF Working Papers},
	doi = {10.5089/9781451867053.001},
	issn = {1018-5941},
	number = {141},
	year = {2007},
	pages = {1},
	publisher = {International Monetary Fund (IMF)},
	title = {Testing for {Cointegration} {Using} the {Johansen} {Methodology} {When} {Variables} {Are} {Near}-{Integrated}},
	url = {http://dx.doi.org/10.5089/9781451867053.001},
	volume = {07},
}

@article{granger2004,
 ISSN = {00028282},
 URL = {http://www.jstor.org/stable/3592936},
 author = {Clive W. J. Granger},
 journal = {The American Economic Review},
 number = {3},
 pages = {421--425},
 publisher = {American Economic Association},
 title = {Time Series Analysis, Cointegration, and Applications},
 urldate = {2025-10-28},
 volume = {94},
 year = {2004},
}

@book{gujarati_econometri_2015,
	location = {México, D.F.},
	edition = {Quinta edición},
	title = {Econometría},
	publisher = {{McGraw}-Hill},
	author = {Gujarati, Damodar N.},
	date = {2015},
    pages = {764},
    }
